@article{velo1969propagation,
  title={Propagation and quantization of Rarita-Schwinger waves in an external electromagnetic potential},
  author={Velo, Giorgio and Zwanziger, Daniel},
  journal={Physical Review},
  volume={186},
  number={5},
  pages={1337},
  year={1969},
  publisher={APS}
}

@article{schroer1970problems,
  title={Problems of stability for quantum fields in external time-dependent potentials},
  author={Schroer, Bert and Seiler, Rudolf and Swieca, Jorge Andre},
  journal={Physical Review D},
  volume={2},
  number={12},
  pages={2927},
  year={1970},
  publisher={APS}
}

